<record><leader>00000cas a2200000   4500</leader><controlfield tag="001">5049566</controlfield><controlfield tag="008">790608c19789999inuuu ne      0   a0eng d</controlfield><controlfield tag="009">467</controlfield><datafield ind1=" " ind2=" " tag="010"><subfield code="a">sn 79003018 </subfield></datafield><datafield ind1=" " ind2=" " tag="040"><subfield code="a">NSD</subfield><subfield code="b">eng</subfield><subfield code="c">NSD</subfield><subfield code="d">OCL</subfield><subfield code="d">OCLCQ</subfield></datafield><datafield ind1=" " ind2=" " tag="012"><subfield code="k">1</subfield><subfield code="m">c</subfield></datafield><datafield ind1="1" ind2=" " tag="022"><subfield code="a">0192-6705</subfield><subfield code="l">0192-6705</subfield><subfield code="2">1</subfield></datafield><datafield ind1=" " ind2=" " tag="032"><subfield code="a">428870</subfield><subfield code="b">USPS</subfield></datafield><datafield ind1=" " ind2=" " tag="042"><subfield code="a">nsdp</subfield></datafield><datafield ind1=" " ind2="0" tag="222"><subfield code="a">DHJ/where</subfield></datafield><datafield ind1="0" ind2="0" tag="245"><subfield code="a">DHJ/where.</subfield></datafield><datafield ind1=" " ind2=" " tag="260"><subfield code="a">Monticello, Ind.,</subfield><subfield code="b">Monticello Harold Co., inc.</subfield></datafield><datafield ind1="0" ind2=" " tag="362"><subfield code="a">v. 1-   May 26, 1978-</subfield></datafield><datafield ind1="0" ind2=" " tag="772"><subfield code="t">DHJ</subfield></datafield><datafield ind1=" " ind2=" " tag="936"><subfield code="a">May 26, 1978</subfield></datafield></record>